<?xml version="1.0" encoding="UTF-8"?><collection xmlns="http://www.loc.gov/MARC21/slim"><record><leader>00429nam--2200169-i-4500</leader><controlfield tag="001">000025229</controlfield><controlfield tag="002">20161230</controlfield><controlfield tag="005">20161230201035</controlfield><controlfield tag="008">060222s1000------------r-----000-0-eng-d</controlfield><datafield ind1=" " ind2=" " tag="040"><subfield code="a">IFIN-HH</subfield></datafield><datafield ind1=" " ind2=" " tag="080"><subfield code="a">533.9.082.3</subfield></datafield><datafield ind1="1" ind2=" " tag="100"><subfield code="a">Griem, Hans R</subfield></datafield><datafield ind1="1" ind2="0" tag="245"><subfield code="a">Plasma spectroscopy</subfield><subfield code="c">Hans r. griem</subfield></datafield><datafield ind1=" " ind2=" " tag="260"><subfield code="a">New York, Mcgraw-hill Book Co., 1964</subfield></datafield><datafield ind1=" " ind2=" " tag="300"><subfield code="a">XI + 580 P</subfield></datafield><datafield ind1=" " ind2=" " tag="852"><subfield code="a">20378</subfield><subfield code="c">533.9</subfield></datafield><datafield ind1=" " ind2=" " tag="CAT"><subfield code="a">Sys</subfield><subfield code="c">20100922</subfield><subfield code="h">094623</subfield></datafield></record></collection>